<?xml version="1.0" encoding="UTF-8"?><collection xmlns="http://www.loc.gov/MARC21/slim"><record><leader>00517nam--2200205-i-4500</leader><controlfield tag="001">000032325</controlfield><controlfield tag="002">20161230</controlfield><controlfield tag="005">20161230201039</controlfield><controlfield tag="008">060222s1000------------r-----000-0-rum-d</controlfield><datafield ind1=" " ind2=" " tag="040"><subfield code="a">IFIN-HH</subfield></datafield><datafield ind1=" " ind2=" " tag="041"><subfield code="a">rum</subfield></datafield><datafield ind1=" " ind2=" " tag="080"><subfield code="a">531</subfield></datafield><datafield ind1="1" ind2=" " tag="100"><subfield code="a">Valcovici, Victor</subfield></datafield><datafield ind1="1" ind2="0" tag="245"><subfield code="a">Mecanica teoretica</subfield><subfield code="c">V.VALCOVICI, S.BALAN, R.VOINEA (Eds.)</subfield></datafield><datafield ind1=" " ind2=" " tag="250"><subfield code="a">Editia A Treia</subfield></datafield><datafield ind1=" " ind2=" " tag="260"><subfield code="a">Bucuresti, Editura Tehnica, 1968</subfield></datafield><datafield ind1=" " ind2=" " tag="300"><subfield code="a">1087P</subfield></datafield><datafield ind1="1" ind2=" " tag="700"><subfield code="a">Voinea, Radu</subfield></datafield><datafield ind1=" " ind2=" " tag="852"><subfield code="a">26975</subfield><subfield code="c">531</subfield></datafield><datafield ind1=" " ind2=" " tag="CAT"><subfield code="a">Sys</subfield><subfield code="c">20100623</subfield><subfield code="h">105916</subfield></datafield></record></collection>